@inproceedings{cheng2018deep, 
  title={Deep convolutional autoencoder-based lossy image compression},
  author={Cheng, Zhengxue and Sun, Heming and Takeuchi, Masaru and Katto, Jiro},
  booktitle={2018 Picture Coding Symposium (PCS)},
  pages={253--257},
  year={2018},
  organization={IEEE}
}

@inproceedings{balle2016end,
  title={End-to-end optimization of nonlinear transform codes for perceptual quality},
  author={Ball{\'e}, Johannes and Laparra, Valero and Simoncelli, Eero P},
  booktitle={2016 Picture Coding Symposium (PCS)},
  pages={1--5},
  year={2016},
  organization={IEEE}
}

@inproceedings{toderici2017full,
  title={Full resolution image compression with recurrent neural networks},
  author={Toderici, George and Vincent, Damien and Johnston, Nick and Jin Hwang, Sung and Minnen, David and Shor, Joel and Covell, Michele},
  booktitle={Proceedings of the IEEE conference on Computer Vision and Pattern Recognition},
  pages={5306--5314},
  year={2017}
}

@article{mittal2015survey,
  title={A survey of architectural approaches for data compression in cache and main memory systems},
  author={Mittal, Sparsh and Vetter, Jeffrey S},
  journal={IEEE Transactions on Parallel and Distributed Systems},
  volume={27},
  number={5},
  pages={1524--1536},
  year={2015},
  publisher={IEEE}
}

@article{lecun1998gradient,
  title={Gradient-based learning applied to document recognition},
  author={LeCun, Yann and Bottou, L{\'e}on and Bengio, Yoshua and Haffner, Patrick},
  journal={Proceedings of the IEEE},
  volume={86},
  number={11},
  pages={2278--2324},
  year={1998},
  publisher={Ieee}
}